<?xml version="1.0" encoding="UTF-8"?><record xmlns="http://www.loc.gov/MARC21/slim" xmlns:cinclude="http://apache.org/cocoon/include/1.0" xmlns:zs="http://www.loc.gov/zing/srw/">
  <leader>00447nz  a2200133n  4500</leader>
  <controlfield tag="001">no 00079659 </controlfield>
  <controlfield tag="003">DLC</controlfield>
  <controlfield tag="005">20000930064537.0</controlfield>
  <controlfield tag="008">000929n| acannaabn          |n aaa     c</controlfield>
  <datafield tag="010" ind1=" " ind2=" ">
    <subfield code="a">no 00079659 </subfield>
  </datafield>
  <datafield tag="035" ind1=" " ind2=" ">
    <subfield code="a">(OCoLC)oca05323036</subfield>
  </datafield>
  <datafield tag="040" ind1=" " ind2=" ">
    <subfield code="a">WU</subfield>
    <subfield code="b">eng</subfield>
    <subfield code="c">WU</subfield>
  </datafield>
  <datafield tag="100" ind1="1" ind2="0">
    <subfield code="a">Thassio, Augusto</subfield>
  </datafield>
  <datafield tag="670" ind1=" " ind2=" ">
    <subfield code="a">Miguel Herna휍혖ndez, prisionero en Rosal, 1995:</subfield>
    <subfield code="b">t.p. (Augusto Thassio) p. 4 of cover (director, Casa de la Cultura "Miguel Hernn휍혖dez", Rosal de la Fronter)</subfield>
  </datafield>
</record>